@ARTICLE{1386610, 
author={A. I. Alrabady and S. M. Mahmud}, 
journal={IEEE Transactions on Vehicular Technology}, 
title={Analysis of attacks against the security of keyless-entry systems for vehicles and suggestions for improved designs}, 
year={2005}, 
volume={54}, 
number={1}, 
pages={41-50}, 
keywords={keys (locking);access control;automotive electronics;telecontrol;user interfaces;vehicle keyless-entry system;handheld electronic device;original equipment manufacturer;user interface;vehicle access;Security;User interfaces;Vehicle detection;Pressing;Battery powered vehicles;Engines;Control systems;Electronic equipment manufacture;Sensor systems;Authorization;Dictionary attack;keyless entry;passive-entry vehicles;rolling code;scan attack;vehicle security}, 
doi={10.1109/TVT.2004.838829}, 
ISSN={0018-9545}, 
month={Jan},}

@INPROCEEDINGS{1624023, 
author={G. P. Hancke}, 
booktitle={2006 IEEE Symposium on Security and Privacy (S P'06)}, 
title={Practical attacks on proximity identification systems}, 
year={2006}, 
volume={}, 
number={}, 
pages={6 pp.-333}, 
keywords={data privacy;ISO standards;radiofrequency identification;proximity identification systems;RFID devices;user security;user privacy;practical attacks;proximity type RFID tokens;ISO 14443 A;RF communication interface;eavesdropping;Radiofrequency identification;ISO standards;Privacy;Radio frequency;Relays;Security;Logistics;Context modeling;Smart cards;Laboratories},
doi={10.1109/SP.2006.30}, 
ISSN={1081-6011}, 
month={May},}

@INPROCEEDINGS{6234155, 
author={T. Yang and L. Kong and W. Xin and J. Hu and Z. Chen}, 
booktitle={2012 9th International Conference on Fuzzy Systems and Knowledge Discovery}, 
title={Resisting relay attacks on vehicular Passive Keyless Entry and start systems}, 
year={2012}, 
volume={}, 
number={}, 
pages={2232-2236}, 
keywords={access control;automobiles;keys (locking);protocols;telecommunication security;relay attack resistance;vehicular passive keyless entry and start systems;PKES;passive keyless vehicle system;challenge response technique;distance bounding protocols;round trip time;mafia fraud success probability;adversary malicious queries;Hancke and Kuhn protocol;Protocols;Relays;Security;Radiofrequency identification;Memory management;Educational institutions;Vehicles;Secure PKES;relay attack;distance bounding;keyless system}, 
doi={10.1109/FSKD.2012.6234155}, 
ISSN={}, 
month={May},}

@INPROCEEDINGS{7223297, 
author={T. Bécsi and S. Aradi and P. Gáspár}, 
booktitle={2015 International Conference on Models and Technologies for Intelligent Transportation Systems (MT-ITS)}, 
title={Security issues and vulnerabilities in connected car systems}, 
year={2015}, 
volume={}, 
number={}, 
pages={477-482}, 
keywords={automobiles;intelligent transportation systems;security of data;vehicular ad hoc networks;security issues;security vulnerabilities;connected car systems;connected revolution;automotive industry;Internet;fleet management systems;passenger vehicles;infotainment;navigation;vehicular networks;telematics;remote control;keyless entry;security threat;system security design;Vehicles;Security;Logic gates;Mobile handsets;Mobile communication;Wireless communication;Internet;Connected Car;Security}, 
doi={10.1109/MTITS.2015.7223297}, 
ISSN={}, 
month={June},}

@INPROCEEDINGS{7991092, 
author={W. Adi and A. Mars and S. Mulhem}, 
booktitle={2017 IEEE International Conference on Consumer Electronics - Taiwan (ICCE-TW)}, 
title={Generic identification protocols by deploying Secret Unknown Ciphers (SUCs)}, 
year={2017}, 
volume={}, 
number={}, 
pages={255-256}, 
keywords={cryptographic protocols;field programmable gate arrays;system-on-chip;generic identification protocols;secret unknown ciphers;SUC;permanent digital self reconfiguring unit;Microsemi nonvolatile self-reconfiguring FPGA units;generic protocols;clone-resistant System-on-Chip;SoC;open networks;broad spectrum;vehicular units;consumer units;protect intellectual property rights;counteract cloning-attacks;Ciphers;Protocols;Field programmable gate arrays;Cloning;Object recognition;Authentication;Secret Unknown Ciphers SUCs;Clone-Resitant Physical Identity;Identification Protocols for Digital PUFs}, 
doi={10.1109/ICCE-China.2017.7991092}, 
ISSN={}, 
month={June},}